@book{botsch2010polygon,
  title={Polygon mesh processing},
  author={Botsch, Mario and Kobbelt, Leif and Pauly, Mark and Alliez, Pierre and L{\'e}vy, Bruno},
  year={2010},
  publisher={AK Peters/CRC Press}
}

@online{catmodel,
  author = {volkanongun},
  title = {Low Poly Cat},
  year = 2016,
  url = {https://sketchfab.com/3d-models/low-poly-cat-1e7143dfafd04ff4891efcb06949a0b4},
  urldate = {2019-04-29},
  note={CC-BY 4.0}
}

@article{mantyla1988introduction,
  title={An introduction to solid modeling},
  author={M{\"a}ntyl{\"a}, Martti},
  year={1988},
  publisher={Computer science press}
}

@article{guibas1985primitives,
  title={Primitives for the manipulation of general subdivisions and the computation of Voronoi},
  author={Guibas, Leonidas and Stolfi, Jorge},
  journal={ACM transactions on graphics (TOG)},
  volume={4},
  number={2},
  pages={74--123},
  year={1985},
  publisher={ACM}
}

@techreport{baumgart1972winged,
  title={Winged edge polyhedron representation},
  author={Baumgart, Bruce G},
  year={1972},
  institution={STANFORD UNIV CA DEPT OF COMPUTER SCIENCE}
}
